@article{brantner2023generalizing,
  title={Generalizing Adam To Manifolds For Efficiently Training Transformers},
  author={Brantner, Benedikt},
  journal={arXiv preprint arXiv:2305.16901},
  year={2023}
}

@article{jin2020sympnets,
  title={SympNets: Intrinsic structure-preserving symplectic networks for identifying Hamiltonian systems},
  author={Jin, Pengzhan and Zhang, Zhen and Zhu, Aiqing and Tang, Yifa and Karniadakis, George Em},
  journal={Neural Networks},
  volume={132},
  pages={166--179},
  year={2020},
  publisher={Elsevier}
}

@article{jin2022optimal,
  title={Optimal unit triangular factorization of symplectic matrices},
  author={Jin, Pengzhan and Lin, Zhangli and Xiao, Bo},
  journal={Linear Algebra and its Applications},
  year={2022},
  publisher={Elsevier}
}

@book{hairer2006geometric,
  title={Geometric Numerical integration: structure-preserving algorithms for ordinary differential equations},
  author={Hairer, Ernst and Lubich, Christian and Wanner, Gerhard},
  year={2006},
  publisher={Springer}
}


@book{leimkuhler2004simulating,
  title={Simulating hamiltonian dynamics},
  author={Leimkuhler, Benedict and Reich, Sebastian},
  number={14},
  year={2004},
  publisher={Cambridge university press}
}
