@article{brantner2023generalizing,
  title={Generalizing Adam To Manifolds For Efficiently Training Transformers},
  author={Brantner, Benedikt},
  journal={arXiv preprint arXiv:2305.16901},
  year={2023}
}

@article{jin2020sympnets,
  title={SympNets: Intrinsic structure-preserving symplectic networks for identifying Hamiltonian systems},
  author={Jin, Pengzhan and Zhang, Zhen and Zhu, Aiqing and Tang, Yifa and Karniadakis, George Em},
  journal={Neural Networks},
  volume={132},
  pages={166--179},
  year={2020},
  publisher={Elsevier}
}

@article{jin2022optimal,
  title={Optimal unit triangular factorization of symplectic matrices},
  author={Jin, Pengzhan and Lin, Zhangli and Xiao, Bo},
  journal={Linear Algebra and its Applications},
  year={2022},
  publisher={Elsevier}
}

@book{hairer2006geometric,
  title={Geometric Numerical integration: structure-preserving algorithms for ordinary differential equations},
  author={Hairer, Ernst and Lubich, Christian and Wanner, Gerhard},
  year={2006},
  publisher={Springer}
}


@book{leimkuhler2004simulating,
  title={Simulating hamiltonian dynamics},
  author={Leimkuhler, Benedict and Reich, Sebastian},
  number={14},
  year={2004},
  publisher={Cambridge university press}
}

@book{lang2012fundamentals,
  title={Fundamentals of differential geometry},
  author={Lang, Serge},
  volume={191},
  year={2012},
  publisher={Springer Science \& Business Media}
}

@book{lang2012real,
  title={Real and functional analysis},
  author={Lang, Serge},
  volume={142},
  year={2012},
  publisher={Springer Science \& Business Media}
}


@book{lipschutz1965general,
    title={General Topology},
    author={Seymour Lipschutz},
    year={1965},
    publisher={McGraw-Hill Book Company},
    address={New York City, New York}
}

@book{bishop1980tensor,
    title={Tensor Analysis on Manifolds},
    author={Richard L. Bishop, Samuel I. Goldberg},
    year={1980},
    publisher={Dover Publications},
    address={Mineola, New York}
}

@book{o1983semi,
  title={Semi-Riemannian geometry with applications to relativity},
  author={O'neill, Barrett},
  year={1983},
  publisher={Academic press},
  address={New York City, New York}
}

@book{do1992riemannian,
  title={Riemannian geometry},
  author={Do Carmo, Manfredo Perdigao and Flaherty Francis, J},
  volume={2},
  year={1992},
  publisher={Springer}
}

@book{wright2006numerical,
  title={Numerical optimization},
  author={Stephen J. Wright, Jorge Nocedal},
  year={2006},
  publisher={Springer Science+Business Media},
  address={New York, NY}
}

@article{fresca2021comprehensive,
  title={A comprehensive deep learning-based approach to reduced order modeling of nonlinear time-dependent parametrized PDEs},
  author={Fresca, Stefania and Dedeâ€™, Luca and Manzoni, Andrea},
  journal={Journal of Scientific Computing},
  volume={87},
  pages={1--36},
  year={2021},
  publisher={Springer}
}

@article{buchfink2023symplectic,
  title={Symplectic model reduction of Hamiltonian systems on nonlinear manifolds and approximation with weakly symplectic autoencoder},
  author={Buchfink, Patrick and Glas, Silke and Haasdonk, Bernard},
  journal={SIAM Journal on Scientific Computing},
  volume={45},
  number={2},
  pages={A289--A311},
  year={2023},
  publisher={SIAM}
}

@article{peng2016symplectic,
  title={Symplectic model reduction of Hamiltonian systems},
  author={Peng, Liqian and Mohseni, Kamran},
  journal={SIAM Journal on Scientific Computing},
  volume={38},
  number={1},
  pages={A1--A27},
  year={2016},
  publisher={SIAM}
}

@article{luong2015effective,
  title={Effective approaches to attention-based neural machine translation},
  author={Luong, Minh-Thang and Pham, Hieu and Manning, Christopher D},
  journal={arXiv preprint arXiv:1508.04025},
  year={2015}
}

@article{bahdanau2014neural,
  title={Neural machine translation by jointly learning to align and translate},
  author={Bahdanau, Dzmitry and Cho, Kyunghyun and Bengio, Yoshua},
  journal={arXiv preprint arXiv:1409.0473},
  year={2014}
}

@article{greif2019decay,
  title={Decay of the Kolmogorov N-width for wave problems},
  author={Greif, Constantin and Urban, Karsten},
  journal={Applied Mathematics Letters},
  volume={96},
  pages={216--222},
  year={2019},
  publisher={Elsevier}
}

@article{blickhan2023registration,
  title={A registration method for reduced basis problems using linear optimal transport},
  author={Blickhan, Tobias},
  journal={arXiv preprint arXiv:2304.14884},
  year={2023}
}

@article{lee2020model,
  title={Model reduction of dynamical systems on nonlinear manifolds using deep convolutional autoencoders},
  author={Lee, Kookjin and Carlberg, Kevin T},
  journal={Journal of Computational Physics},
  volume={404},
  pages={108973},
  year={2020},
  publisher={Elsevier}
}

@article{vaswani2017attention,
  title={Attention is all you need},
  author={Vaswani, Ashish and Shazeer, Noam and Parmar, Niki and Uszkoreit, Jakob and Jones, Llion and Gomez, Aidan N and Kaiser, Lukasz and Polosukhin, Illia},
  journal={Advances in neural information processing systems},
  volume={30},
  year={2017}
}

@article{patwardhan2023transformers,
  title={Transformers in the real world: A survey on nlp applications},
  author={Patwardhan, Narendra and Marrone, Stefano and Sansone, Carlo},
  journal={Information},
  volume={14},
  number={4},
  pages={242},
  year={2023},
  publisher={MDPI}
}

@article{hemmasian2023reduced,
  title={Reduced-order modeling of fluid flows with transformers},
  author={Hemmasian, AmirPouya and Barati Farimani, Amir},
  journal={Physics of Fluids},
  volume={35},
  number={5},
  year={2023},
  publisher={AIP Publishing}
}

@article{solera2023beta,
  title={$\beta$-Variational autoencoders and transformers for reduced-order modelling of fluid flows},
  author={Solera-Rico, Alberto and Vila, Carlos Sanmiguel and G{\'o}mez, MA and Wang, Yuning and Almashjary, Abdulrahman and Dawson, Scott and Vinuesa, Ricardo},
  journal={arXiv preprint arXiv:2304.03571},
  year={2023}
}

@article{brantner2023symplectic,
  title={Symplectic autoencoders for Model Reduction of Hamiltonian Systems},
  author={Brantner, Benedikt and Kraus, Michael},
  journal={arXiv preprint arXiv:2312.10004},
  year={2023}
}

@article{brantner2023structure,
    author = {Brantner, Benedikt and de Romemont, Guillaume and Kraus, Michael and Li, Zeyuan},
    title = {Structure-Preserving Transformers for Learning Parametrized Hamiltonian Systems},
    journal = {arXiv preprint arXiv:2312:11166},
    year = {2023}
}

@article{brantner2024volume,
    author = {Brantner, Benedikt and de Romemont, Guillaume and Kraus, Michael and Li, Zeyuan},
    title = {Volume-Preserving Transformers for Learning Time Series Data with Structure},
    journal = {arXiv preprint arXiv:2312:11166v2},
    year = {2024}
}

@article{lin2008riemannian,
  title={Riemannian manifold learning},
  author={Lin, Tong and Zha, Hongbin},
  journal={IEEE transactions on pattern analysis and machine intelligence},
  volume={30},
  number={5},
  pages={796--809},
  year={2008},
  publisher={IEEE}
}

@book{frankel2011geometry,
  title={The geometry of physics: an introduction},
  author={Frankel, Theodore},
  year={2011},
  publisher={Cambridge university press},
  address={Cambridge, UK}
}

@book{goodfellow2016deep,
  title={Deep learning},
  author={Goodfellow, Ian and Bengio, Yoshua and Courville, Aaron},
  year={2016},
  publisher={MIT press},
  address={Cambridge, MA}
}

@misc{blickhan2023brenier,
  title={BrenierTwoFluids.jl},
  author={Blickhan, Tobias},
  year={2023},
  howpublished={\url{https://github.com/ToBlick/BrenierTwoFluids}}
}

@article{absil2004riemannian,
  title={Riemannian geometry of Grassmann manifolds with a view on algorithmic computation},
  author={Absil, Pierre-Antoine and Mahony, Robert and Sepulchre, Rodolphe},
  journal={Acta Applicandae Mathematica},
  volume={80},
  pages={199--220},
  year={2004},
  publisher={Springer}
}

@book{absil2008optimization,
  title={Optimization algorithms on matrix manifolds},
  author={Absil, Pierre-Antoine and Mahony, Robert and Sepulchre, Rodolphe},
  publisher={Princeton University Press},
  address={Princeton, New Jersey},
  year={2008}
}

@article{bendokat2020grassmann,
  title={A Grassmann manifold handbook: Basic geometry and computational aspects},
  author={Bendokat, Thomas and Zimmermann, Ralf and Absil, Pierre-Antoine},
  journal={arXiv preprint arXiv:2011.13699},
  year={2020}
}

@article{bendokat2021real,
  title={The real symplectic Stiefel and Grassmann manifolds: metrics, geodesics and applications},
  author={Bendokat, Thomas and Zimmermann, Ralf},
  journal={arXiv preprint arXiv:2108.12447},
  year={2021}
}

@article{mezzadri2006generate,
  title={How to generate random matrices from the classical compact groups},
  author={Mezzadri, Francesco},
  journal={arXiv preprint math-ph/0609050},
  year={2006}
}

@inproceedings{moses2021reverse,
author = {Moses, William S. and Churavy, Valentin and Paehler, Ludger and H\"{u}ckelheim, Jan and Narayanan, Sri Hari Krishna and Schanen, Michel and Doerfert, Johannes},
title = {Reverse-Mode Automatic Differentiation and Optimization of GPU Kernels via Enzyme},
year = {2021},
isbn = {9781450384421},
publisher = {Association for Computing Machinery},
address = {New York, NY, USA},
url = {https://doi.org/10.1145/3458817.3476165},
doi = {10.1145/3458817.3476165},
booktitle = {Proceedings of the International Conference for High Performance Computing, Networking, Storage and Analysis},
articleno = {61},
numpages = {16},
keywords = {CUDA, LLVM, ROCm, HPC, AD, GPU, automatic differentiation},
location = {St. Louis, Missouri},
series = {SC '21}
}

@article{betancourt2018geometric,
  title={A geometric theory of higher-order automatic differentiation},
  author={Betancourt, Michael},
  journal={arXiv preprint arXiv:1812.11592},
  year={2018}
}

@article{bolte2020mathematical,
  title={A mathematical model for automatic differentiation in machine learning},
  author={Bolte, J{\'e}r{\^o}me and Pauwels, Edouard},
  journal={Advances in Neural Information Processing Systems},
  volume={33},
  pages={10809--10819},
  year={2020}
}

@book{jacobs1992discrete,
  title={Discrete Stochastics}, 
  author={Jacobs, Konrad},
  publisher={Birkh{\"a}user Verlag},
  address={Basel, Switzerland},
  year={1992}
}

@article{feng1998step,
  title={The step-transition operators for multi-step methods of ODE's},
  author={Feng, Kang},
  journal={Journal of Computational Mathematics},
  pages={193--202},
  year={1998},
  publisher={JSTOR}
}

@inproceedings{feng1987symplectic,
  title={The symplectic methods for the computation of Hamiltonian equations},
  author={Feng, Kang and Qin, Meng-zhao},
  booktitle={Numerical Methods for Partial Differential Equations: Proceedings of a Conference held in Shanghai, PR China, March 25--29, 1987},
  pages={1--37},
  year={1987},
  organization={Springer}
}

@book{holm2009geometric,
  title={Geometric mechanics and symmetry: from finite to infinite dimensions},
  author={Holm, Darryl D and Schmah, Tanya and Stoica, Cristina},
  volume={12},
  year={2009},
  publisher={Oxford University Press},
  address={Oxford, UK}
}

@article{ge1988approximation,
  title={On the approximation of linear Hamiltonian systems},
  author={Ge, Zhong and Feng, Kang},
  journal={Journal of Computational Mathematics},
  pages={88--97},
  year={1988},
  publisher={JSTOR}
}

@misc{Kraus:2020:GeometricIntegrators,
  title={GeometricIntegrators.jl: Geometric Numerical Integration in Julia},
  author={Kraus, Michael},
  year={2020},
  howpublished={\url{https://github.com/JuliaGNI/GeometricIntegrators.jl}},
  doi={10.5281/zenodo.3648325}
}

@article{hochreiter1997long,
  title={Long short-term memory},
  author={Hochreiter, Sepp and Schmidhuber, J{\"u}rgen},
  journal={Neural computation},
  volume={9},
  number={8},
  pages={1735--1780},
  year={1997},
  publisher={MIT press}
}

@article{celledoni2000approximating,
  title={Approximating the exponential from a Lie algebra to a Lie group},
  author={Celledoni, Elena and Iserles, Arieh},
  journal={Mathematics of Computation},
  volume={69},
  number={232},
  pages={1457--1480},
  year={2000}
}

@inproceedings{fraikin2007optimization,
  title={Optimization over the Stiefel manifold},
  author={Fraikin, Catherine and H{\"u}per, K and Dooren, P Van},
  booktitle={PAMM: Proceedings in Applied Mathematics and Mechanics},
  volume={7},
  number={1},
  pages={1062205--1062206},
  year={2007},
  organization={Wiley Online Library}
}

@article{schlarb2024covariant,
  title={Covariant Derivatives on Homogeneous Spaces: Horizontal Lifts and Parallel Transport},
  author={Schlarb, Markus},
  journal={The Journal of Geometric Analysis},
  volume={34},
  number={5},
  pages={1--43},
  year={2024},
  publisher={Springer}
}

@article{kong2023momentum,
  title={Momentum stiefel optimizer, with applications to suitably-orthogonal attention, and optimal transport},
  author={Kong, Lingkai and Wang, Yuqing and Tao, Molei},
  journal={arXiv preprint arXiv:2205.14173v3},
  year={2023}
}

@MISC{2279304,
    TITLE = {Quasi-newton methods: Understanding DFP updating formula},
    AUTHOR = {A.G. (https://math.stackexchange.com/users/253273/a-\%ce\%93)},
    HOWPUBLISHED = {Mathematics Stack Exchange},
    NOTE = {URL:https://math.stackexchange.com/q/2279304 (version: 2017-05-13)}
}

@inproceedings{huang2016riemannian,
  title={A Riemannian BFGS method for nonconvex optimization problems},
  author={Huang, Wen and Absil, P-A and Gallivan, Kyle A},
  booktitle={Numerical Mathematics and Advanced Applications ENUMATH 2015},
  pages={627--634},
  year={2016},
  organization={Springer}
}

@article{raissi2019physics,
  title={Physics-informed neural networks: A deep learning framework for solving forward and inverse problems involving nonlinear partial differential equations},
  author={Raissi, Maziar and Perdikaris, Paris and Karniadakis, George E},
  journal={Journal of Computational physics},
  volume={378},
  pages={686--707},
  year={2019},
  publisher={Elsevier}
}